<?xml version="1.0" encoding="UTF-8"?><collection xmlns="http://www.loc.gov/MARC21/slim"><record><leader>00550nam--2200181-i-4500</leader><controlfield tag="001">000010821</controlfield><controlfield tag="002">20161230</controlfield><controlfield tag="005">20161230201029</controlfield><controlfield tag="008">060222s1000------------r-----000-0-eng-d</controlfield><datafield ind1=" " ind2=" " tag="040"><subfield code="a">IFIN-HH</subfield></datafield><datafield ind1=" " ind2=" " tag="080"><subfield code="a">539.1.174.55</subfield></datafield><datafield ind1="1" ind2=" " tag="100"><subfield code="a">Ouseph, P.J</subfield></datafield><datafield ind1="1" ind2="0" tag="245"><subfield code="a">Introduction to nuclear radiation detectors</subfield><subfield code="c">P.j. ouseph</subfield></datafield><datafield ind1=" " ind2=" " tag="260"><subfield code="a">New York, Academic Press, 1965 Xii + 405 P</subfield><subfield code="b">Plenum Press</subfield><subfield code="c">1975</subfield></datafield><datafield ind1=" " ind2=" " tag="300"><subfield code="a">194P</subfield></datafield><datafield ind1=" " ind2=" " tag="490"><subfield code="a">Laboratory Instrumentation And Techniques</subfield><subfield code="v">Volume 2</subfield></datafield><datafield ind1=" " ind2=" " tag="852"><subfield code="a">45594</subfield><subfield code="c">539.1.07:539.1.08</subfield></datafield><datafield ind1=" " ind2=" " tag="CAT"><subfield code="a">Sys</subfield><subfield code="c">20111027</subfield><subfield code="h">091711</subfield></datafield></record></collection>